@article{carvalho2019off,
  title={Off-the-shelf artificial intelligence technologies for sentiment and emotion analysis: a tutorial on using IBM natural language processing},
  author={Carvalho, Arthur and Levitt, Adam and Levitt, Seth and Khaddam, Edward and Benamati, John},
  journal={Communications of the Association for Information Systems},
  volume={44},
  number={1},
  pages={43},
  year={2019}
}
@article{haenlein2019brief,
  title={A brief history of artificial intelligence: On the past, present, and future of artificial intelligence},
  author={Haenlein, Michael and Kaplan, Andreas},
  journal={California management review},
  volume={61},
  number={4},
  pages={5--14},
  year={2019},
  publisher={SAGE Publications Sage CA: Los Angeles, CA}
}
@article{shon2021leveraging,
  title={Leveraging pre-trained language model for speech sentiment analysis},
  author={Shon, Suwon and Brusco, Pablo and Pan, Jing and Han, Kyu J and Watanabe, Shinji},
  journal={arXiv preprint arXiv:2106.06598},
  year={2021}
}
@INPROCEEDINGS{9590110,
  author={Anwar, Muchamad Taufiq and Permana, Al Kautsar and Ambarwati, Laksmi and Agustin, Desy},
  booktitle={2021 2nd International Conference on Innovative and Creative Information Technology (ICITech)},
  title={Analyzing Public Opinion Based on Emotion Labeling Using Transformers},
  year={2021},
  volume={},
  number={},
  pages={74-78},
  doi={10.1109/ICITech50181.2021.9590110}
}
@misc{Webis,
  author = {Webis Group},
  title = {web-archive-keras},
  publisher = {GitHub},
  howpublished = {\url{https://github.com/webis-de/web-archive-keras}},
}
@misc{Facebook,
  author = {Facebook},
  title = {bart-large-mnli},
  publisher = {Huggingface},
  howpublished = {\url{https://huggingface.co/facebook/bart-large-mnli}},
}
@misc{Distilbert,
  author = {Huggingface},
  title = {distilbert-base-uncased-finetuned-sst-2-english},
  publisher = {Huggingface},
  howpublished = {\url{https://huggingface.co/distilbert-base-uncased-finetuned-sst-2-english}},
}
